

 @book{nielsen2010quantum,
  title = {Quantum Computation and Quantum Information},
  author = {Nielsen, Michael A and Chuang, Isaac L},
  year = {2010},
  publisher = {Cambridge University Press},
  edition = {10th Anniversary Edition},
  address = {Cambridge, UK},
  isbn = {9781107002173},
}

@misc{ekert_quantum_information_2020,
  author = {Artur Ekert},
  title = {Introduction to Quantum Information Science},
  year = {2020},
  howpublished = {\url{
                  https://www.youtube.com/playlist?list=PLkespgaZN4gmu0nWNmfMflVRqw0VPkCGH
                  }},
}

@incollection{kitaev2002classical,
  author = {Kitaev, Alexei Yu. and Shen, Alexander H. and Vyalyi, Mikhail N.},
  title = {Classical and Quantum Computation},
  booktitle = {Quantum Computation and Quantum Information Theory: From Theory
               to Experiment},
  series = {Graduate Studies in Mathematics},
  volume = {47},
  publisher = {American Mathematical Society},
  year = {2002},
  pages = {150--152},
  note = {Solovay-Kitaev Theorem},
  address = {Providence, RI},
  isbn = {978-0821820123},
}

@inproceedings{aharonov1997fault,
  author = {Dorit Aharonov and Michael Ben-Or},
  title = {Fault Tolerant Computation with Constant Error},
  booktitle = {Proceedings of the Twenty-Ninth Annual ACM Symposium on the
               Theory of Computing (STOC)},
  pages = {176--188},
  year = {1997},
  publisher = {ACM},
  address = {New York, NY, USA},
  doi = {10.1145/258533.258579},
}

@article{knill1997theory,
  author = {E. Knill and R. Laflamme},
  title = {A Theory of Quantum Error-Correcting Codes},
  journal = {Physical Review A},
  volume = {55},
  pages = {900--911},
  year = {1997},
  doi = {10.1103/PhysRevA.55.900},
  eprint = {quant-ph/9604034},
  archivePrefix = {arXiv},
  primaryClass = {quant-ph},
}

@article{gottesman1996class,
  author = {Daniel Gottesman},
  title = {Class of Quantum Error-Correcting Codes Saturating the Quantum
           Hamming Bound},
  journal = {Physical Review A},
  volume = {54},
  pages = {1862--1868},
  year = {1996},
  doi = {10.1103/PhysRevA.54.1862},
}

@article{shor1995scheme,
  author = {Peter W. Shor},
  title = {Scheme for Reducing Decoherence in Quantum Computer Memory},
  journal = {Physical Review A},
  volume = {52},
  pages = {2493--2496},
  year = {1995},
  doi = {10.1103/PhysRevA.52.2493},
}

@article{calderbank1996good,
  author = {A. R. Calderbank and P. W. Shor},
  title = {Good Quantum Error-Correcting Codes Exist},
  journal = {Physical Review A},
  volume = {54},
  pages = {1098--1105},
  year = {1996},
  doi = {10.1103/PhysRevA.54.1098},
  eprint = {quant-ph/9512032},
  archivePrefix = {arXiv},
  primaryClass = {quant-ph},
}

@article{hellwig1969pure,
  author = {K.-E. Hellwig and K. Kraus},
  title = {Pure Operations and Measurements},
  journal = {Communications in Mathematical Physics},
  volume = {11},
  pages = {214--220},
  year = {1969},
  doi = {10.1007/BF01651273},
}

@misc{wyrd2021bloch,
  author = {Wyrd Smythe},
  title = {QM 101: Bloch Sphere},
  howpublished = {\url{https://logosconcarne.com/2021/03/15/qm-101-bloch-sphere/
                  }},
  year = {2021},
}

@misc{prefetch_repetition_code,
  author = {Prefetch},
  title = {Repetition Code},
  year = {2024},
  url = {https://prefetch.eu/know/concept/repetition-code/},
  note = {Categories: Quantum information.},
}
